@article{Theodoridis_Grosser_Su_2022, title={Understanding and exploiting optimal function inlining}, DOI={10.1145/3503222.3507744}, journal={Proceedings of the 27th ACM International Conference on Architectural Support for Programming Languages and Operating Systems}, author={Theodoridis, Theodoros and Grosser, Tobias and Su, Zhendong}, year={2022}, month={Feb}}
